@article{Fake,
  author    = {\hl{Placeholder}},
  journal   = {Nature},
  number    = {7705},
  pages     = {429--433},
  pmid      = {29743670},
  publisher = {Nature Publishing Group},
  title     = {Fake},
  volume    = {557},
  year      = {2018}
}
%

@article{jensen2020manifold,
  title   = {Manifold GPLVMs for discovering non-Euclidean latent structure in neural data},
  author  = {Jensen, Kristopher and Kao, Ta-Chu and Tripodi, Marco and Hennequin, Guillaume},
  journal = {Advances in Neural Information Processing Systems},
  volume  = {33},
  year    = {2020}
}


@inproceedings{belkin2002laplacian,
  title     = {Laplacian eigenmaps and spectral techniques for embedding and clustering},
  author    = {Belkin, Mikhail and Niyogi, Partha},
  booktitle = {Advances in neural information processing systems},
  pages     = {585--591},
  year      = {2002}
}


@article{merel2019deep,
  title   = {Deep neuroethology of a virtual rodent},
  author  = {Merel, Josh and Aldarondo, Diego and Marshall, Jesse and Tassa, Yuval and Wayne, Greg and {\"O}lveczky, Bence},
  journal = {arXiv preprint arXiv:1911.09451},
  year    = {2019}
}

@article{steinmetz2018challenges,
  title     = {Challenges and opportunities for large-scale electrophysiology with Neuropixels probes},
  author    = {Steinmetz, Nicholas A and Koch, Christof and Harris, Kenneth D and Carandini, Matteo},
  journal   = {Current opinion in neurobiology},
  volume    = {50},
  pages     = {92--100},
  year      = {2018},
  publisher = {Elsevier}
}

@article{dhawale2017automated,
  title     = {Automated long-term recording and analysis of neural activity in behaving animals},
  author    = {Dhawale, Ashesh K and Poddar, Rajesh and Wolff, Steffen BE and Normand, Valentin A and Kopelowitz, Evi and {\"O}lveczky, Bence P},
  journal   = {Elife},
  volume    = {6},
  pages     = {e27702},
  year      = {2017},
  publisher = {eLife Sciences Publications Limited}
}

@article{stone2017anatomically,
  title     = {An anatomically constrained model for path integration in the bee brain},
  author    = {Stone, Thomas and Webb, Barbara and Adden, Andrea and Weddig, Nicolai Ben and Honkanen, Anna and Templin, Rachel and Wcislo, William and Scimeca, Luca and Warrant, Eric and Heinze, Stanley},
  journal   = {Current Biology},
  volume    = {27},
  number    = {20},
  pages     = {3069--3085},
  year      = {2017},
  publisher = {Elsevier}
}

@article{willett2021high,
  title     = {High-performance brain-to-text communication via handwriting},
  author    = {Willett, Francis R and Avansino, Donald T and Hochberg, Leigh R and Henderson, Jaimie M and Shenoy, Krishna V},
  journal   = {Nature},
  volume    = {593},
  number    = {7858},
  pages     = {249--254},
  year      = {2021},
  publisher = {Nature Publishing Group}
}

@article{fisher2019sensorimotor,
  title     = {Sensorimotor experience remaps visual input to a heading-direction network},
  author    = {Fisher, Yvette E and Lu, Jenny and D’Alessandro, Isabel and Wilson, Rachel I},
  journal   = {Nature},
  volume    = {576},
  number    = {7785},
  pages     = {121--125},
  year      = {2019},
  publisher = {Nature Publishing Group}
}

@article{green2017neural,
  title     = {A neural circuit architecture for angular integration in Drosophila},
  author    = {Green, Jonathan and Adachi, Atsuko and Shah, Kunal K and Hirokawa, Jonathan D and Magani, Pablo S and Maimon, Gaby},
  journal   = {Nature},
  volume    = {546},
  number    = {7656},
  pages     = {101--106},
  year      = {2017},
  publisher = {Nature Publishing Group}
}

@article{seelig2013feature,
  title     = {Feature detection and orientation tuning in the Drosophila central complex},
  author    = {Seelig, Johannes D and Jayaraman, Vivek},
  journal   = {Nature},
  volume    = {503},
  number    = {7475},
  pages     = {262--266},
  year      = {2013},
  publisher = {Nature Publishing Group}
}

@article{lillicrap2020backpropagation,
  title     = {Backpropagation and the brain},
  author    = {Lillicrap, Timothy P and Santoro, Adam and Marris, Luke and Akerman, Colin J and Hinton, Geoffrey},
  journal   = {Nature Reviews Neuroscience},
  pages     = {1--12},
  year      = {2020},
  publisher = {Nature Publishing Group}
}

@article{clements2020neuprint,
  title     = {neuprint: Analysis tools for em connectomics},
  author    = {Clements, Jody and Dolafi, Tom and Umayam, Lowell and Neubarth, Nicole L and Berg, Stuart and Scheffer, Louis K and Plaza, Stephen M},
  journal   = {BioRxiv},
  year      = {2020},
  publisher = {Cold Spring Harbor Laboratory}
}

@article{xu2020connectome,
  title     = {A connectome of the adult drosophila central brain},
  author    = {Xu, C Shan and Januszewski, Michal and Lu, Zhiyuan and Takemura, Shin-ya and Hayworth, Kenneth and Huang, Gary and Shinomiya, Kazunori and Maitin-Shepard, Jeremy and Ackerman, David and Berg, Stuart and others},
  journal   = {BioRxiv},
  year      = {2020},
  publisher = {Cold Spring Harbor Laboratory}
}

@article{ma2006bayesian,
  title     = {Bayesian inference with probabilistic population codes},
  author    = {Ma, Wei Ji and Beck, Jeffrey M and Latham, Peter E and Pouget, Alexandre},
  journal   = {Nature neuroscience},
  volume    = {9},
  number    = {11},
  pages     = {1432--1438},
  year      = {2006},
  publisher = {Nature Publishing Group}
}

@article{driscoll2017dynamic,
  title     = {Dynamic reorganization of neuronal activity patterns in parietal cortex},
  author    = {Driscoll, Laura N and Pettit, Noah L and Minderer, Matthias and Chettih, Selmaan N and Harvey, Christopher D},
  journal   = {Cell},
  volume    = {170},
  number    = {5},
  pages     = {986--999},
  year      = {2017},
  publisher = {Elsevier}
}

@article{rule2019stable,
  title     = {Stable task information from an unstable neural population},
  author    = {Rule, Michael E and Loback, Adrianna R and Raman, Dhruva V and Driscoll, Laura N and Harvey, Christopher D and O’Leary, Timothy},
  journal   = {Elife},
  pages     = {e51121},
  year      = {2020},
  publisher = {eLife Sciences Publications Limited}
}


@article{namiki2016neurobiological,
  title     = {The neurobiological basis of orientation in insects: insights from the silkmoth mating dance},
  author    = {Namiki, Shigehiro and Kanzaki, Ryohei},
  journal   = {Current opinion in insect science},
  volume    = {15},
  pages     = {16--26},
  year      = {2016},
  publisher = {Elsevier}
}

@article{yang2009stably,
  title     = {Stably maintained dendritic spines are associated with lifelong memories},
  author    = {Yang, Guang and Pan, Feng and Gan, Wen-Biao},
  journal   = {Nature},
  volume    = {462},
  number    = {7275},
  pages     = {920--924},
  year      = {2009},
  publisher = {Nature Publishing Group}
}

@article{xu2009rapid,
  title     = {Rapid formation and selective stabilization of synapses for enduring motor memories},
  author    = {Xu, Tonghui and Yu, Xinzhu and Perlik, Andrew J and Tobin, Willie F and Zweig, Jonathan A and Tennant, Kelly and Jones, Theresa and Zuo, Yi},
  journal   = {Nature},
  volume    = {462},
  number    = {7275},
  pages     = {915--919},
  year      = {2009},
  publisher = {Nature Publishing Group}
}


@article{peyrache2015internally,
  title     = {Internally organized mechanisms of the head direction sense},
  author    = {Peyrache, Adrien and Lacroix, Marie M and Petersen, Peter C and Buzs{\'a}ki, Gy{\"o}rgy},
  journal   = {Nature neuroscience},
  volume    = {18},
  number    = {4},
  pages     = {569--575},
  year      = {2015},
  publisher = {Nature Publishing Group}
}


@article{balasubramanian2002isomap,
  title     = {The isomap algorithm and topological stability},
  author    = {Balasubramanian, Mukund and Schwartz, Eric L and Tenenbaum, Joshua B and de Silva, Vin and Langford, John C},
  journal   = {Science},
  volume    = {295},
  number    = {5552},
  pages     = {7--7},
  year      = {2002},
  publisher = {Citeseer}
}


@article{Stringer2019,
  annote    = {paper from Ken Miller cosyne talk; variance explained scales as {\~{}}1/n consistent with various theories.},
  author    = {Stringer, Carsen and Pachitariu, Marius and Steinmetz, Nicholas and Carandini, Matteo and Harris, Kenneth D.},
  doi       = {10.1038/s41586-019-1346-5},
  issn      = {14764687},
  journal   = {Nature},
  keywords  = {Neural encoding,Striate cortex},
  month     = {jul},
  number    = {7765},
  pages     = {361--365},
  publisher = {Nature Publishing Group},
  title     = {{High-dimensional geometry of population responses in visual cortex}},
  volume    = {571},
  year      = {2019}
}

@article{Clausen2009,
  author   = {Clausen, Jens},
  journal  = {Nature},
  keywords = {Humanities and Social Sciences,Science,multidisciplinary},
  number   = {7233},
  pages    = {1080--1081},
  title    = {{Man, machine and in between}},
  volume   = {457},
  year     = {2009}
}


@inproceedings{Wu2018learning,
  title     = {Learning a latent manifold of odor representations from neural responses in piriform cortex},
  author    = {Wu, Anqi and Pashkovski, Stan and Datta, Sandeep R and Pillow, Jonathan W},
  booktitle = {Advances in Neural Information Processing Systems},
  pages     = {5378--5388},
  year      = {2018}
}


@inproceedings{Wu2017gaussian,
  author    = {Wu, Anqi and Roy, Nicholas A and Keeley, Stephen and Pillow, Jonathan W},
  booktitle = {Advances in Neural Information Processing Systems},
  file      = {:Users/kris/Library/Application Support/Mendeley Desktop/Downloaded/Wu et al. - Unknown - Gaussian process based nonlinear latent structure discovery in multivariate spike train data.pdf:pdf},
  issn      = {10495258},
  pages     = {3497--3506},
  title     = {{Gaussian process based nonlinear latent structure discovery in multivariate spike train data}},
  volume    = {2017-Decem},
  year      = {2017}
}


@article{Banino2018,
  author    = {Banino, Andrea and Barry, Caswell and Uria, Benigno and Blundell, Charles and Lillicrap, Timothy and Mirowski, Piotr and Pritzel, Alexander and Chadwick, Martin J. and Degris, Thomas and Modayil, Joseph and Wayne, Greg and Soyer, Hubert and Viola, Fabio and Zhang, Brian and Goroshin, Ross and Rabinowitz, Neil and Pascanu, Razvan and Beattie, Charlie and Petersen, Stig and Sadik, Amir and Gaffney, Stephen and King, Helen and Kavukcuoglu, Koray and Hassabis, Demis and Hadsell, Raia and Kumaran, Dharshan},
  journal   = {Nature},
  number    = {7705},
  pages     = {429--433},
  pmid      = {29743670},
  publisher = {Nature Publishing Group},
  title     = {{Vector-based navigation using grid-like representations in artificial agents}},
  volume    = {557},
  year      = {2018}
}

@article{hafting2005microstructure,
  title   = {Microstructure of a spatial map in the entorhinal cortex},
  author  = {Hafting, Torkel and Fyhn, Marianne and Molden, Sturla and Moser, May-Britt and Moser, Edvard I},
  journal = {Nature},
  volume  = {436},
  pages   = {801--806},
  year    = {2005}
}

@article{sussillo2013opening,
  title   = {Opening the black box: low-dimensional dynamics in high-dimensional recurrent neural networks},
  author  = {Sussillo, David and Barak, Omri},
  journal = {Neural computation},
  volume  = {25},
  pages   = {626--649},
  year    = {2013}
}

@article{hardcastle2017multiplexed,
  title   = {A multiplexed, heterogeneous, and adaptive code for navigation in medial entorhinal cortex},
  author  = {Hardcastle, Kiah and Maheswaranathan, Niru and Ganguli, Surya and Giocomo, Lisa M},
  journal = {Neuron},
  volume  = {94},
  pages   = {375--387},
  year    = {2017}
}

@article{churchland2007temporal,
  title   = {Temporal complexity and heterogeneity of single-neuron activity in premotor and motor cortex},
  author  = {Churchland, Mark M and Shenoy, Krishna V},
  journal = {Journal of neurophysiology},
  volume  = {97},
  pages   = {4235--4257},
  year    = {2007}
}

@article{maaten2008visualizing,
  title   = {Visualizing data using t-{SNE}},
  author  = {Maaten, Laurens van der and Hinton, Geoffrey},
  journal = {Journal of machine learning research},
  volume  = {9},
  pages   = {2579--2605},
  year    = {2008}
}

@article{cunningham2015linear,
  title   = {Linear dimensionality reduction: Survey, insights, and generalizations},
  author  = {Cunningham, John P and Ghahramani, Zoubin},
  journal = {The Journal of Machine Learning Research},
  volume  = {16},
  pages   = {2859--2900},
  year    = {2015}
}

@article{masullo2019genetically,
  title   = {Genetically defined functional modules for spatial orienting in the mouse superior colliculus},
  author  = {Masullo, Laura and Mariotti, Letizia and Alexandre, Nicolas and Freire-Pritchett, Paula and Boulanger, Jerome and Tripodi, Marco},
  journal = {Current Biology},
  volume  = {29},
  pages   = {2892--2904},
  year    = {2019}
}

@article{rubin2019revealing,
  title   = {Revealing neural correlates of behavior without behavioral measurements},
  author  = {Rubin, Alon and Sheintuch, Liron and Brande-Eilat, Noa and Pinchasof, Or and Rechavi, Yoav and Geva, Nitzan and Ziv, Yaniv},
  journal = {Nature communications},
  volume  = {10},
  pages   = {1--14},
  year    = {2019}
}

@article{constantinescu2016organizing,
  title   = {Organizing conceptual knowledge in humans with a gridlike code},
  author  = {Constantinescu, Alexandra O and O’Reilly, Jill X and Behrens, Timothy EJ},
  journal = {Science},
  volume  = {352},
  pages   = {1464--1468},
  year    = {2016}
}

@article{shepard1971mental,
  title   = {Mental rotation of three-dimensional objects},
  author  = {Shepard, Roger N and Metzler, Jacqueline},
  journal = {Science},
  volume  = {171},
  pages   = {701--703},
  year    = {1971}
}

@article{Finkelstein2015,
  author    = {Finkelstein, Arseny and Derdikman, Dori and Rubin, Alon and Foerster, Jakob N and Las, Liora and Ulanovsky, Nachum},
  doi       = {10.1038/nature14031},
  file      = {:Users/kris/Library/Application Support/Mendeley Desktop/Downloaded/Ulanovsky - 2015 - Three-dimensional head-direction coding in the bat brain(2).pdf:pdf},
  issn      = {14764687},
  journal   = {Nature},
  keywords  = {Spatial memory},
  month     = {jan},
  number    = {7533},
  pages     = {159--164},
  publisher = {Nature Publishing Group},
  title     = {{Three-dimensional head-direction coding in the bat brain}},
  volume    = {517},
  year      = {2015}
}

@article{Seelig2015,
  author    = {Seelig, Johannes D. and Jayaraman, Vivek},
  doi       = {10.1038/nature14446},
  file      = {:Users/kris/Library/Application Support/Mendeley Desktop/Downloaded/Seelig, Jayaraman - 2015 - Neural dynamics for landmark orientation and angular path integration.pdf:pdf},
  issn      = {14764687},
  journal   = {Nature},
  keywords  = {Navigation},
  month     = {may},
  number    = {7551},
  pages     = {186--191},
  publisher = {Nature Publishing Group},
  title     = {{Neural dynamics for landmark orientation and angular path integration}},
  volume    = {521},
  year      = {2015}
}
@article{Wilson2018,
  author    = {Wilson, Jonathan J. and Alexandre, Nicolas and Trentin, Caterina and Tripodi, Marco},
  doi       = {10.1016/j.cub.2018.04.021},
  file      = {:Users/kris/Library/Application Support/Mendeley Desktop/Downloaded/Wilson et al. - 2018 - Three-Dimensional Representation of Motor Space in the Mouse Superior Colliculus.pdf:pdf},
  issn      = {09609822},
  journal   = {Current Biology},
  keywords  = {3D,motor control,space encoding,superior colliculus},
  month     = {jun},
  number    = {11},
  pages     = {1744--1755.e12},
  publisher = {Cell Press},
  title     = {{Three-Dimensional Representation of Motor Space in the Mouse Superior Colliculus}},
  volume    = {28},
  year      = {2018}
}
@article{Turner-Evans2019,
  author    = {Turner-Evans, Daniel B and Jensen, Kristopher and Ali, Saba and Paterson, Tyler and Sheridan, Arlo and Ray, Robert P and Lauritzen, Scott and Bock, Davi and Jayaraman, Vivek},
  doi       = {10.1101/847152},
  file      = {:Users/kris/Library/Application Support/Mendeley Desktop/Downloaded/Turner-Evans et al. - 2019 - The neuroanatomical ultrastructure and function of a biological ring attractor(2).pdf:pdf},
  journal   = {bioRxiv},
  month     = {nov},
  pages     = {847152},
  publisher = {Cold Spring Harbor Laboratory},
  title     = {{The neuroanatomical ultrastructure and function of a biological ring attractor}},
  year      = {2019}
}

@article{Chaudhuri2019,
  author  = {Chaudhuri, Rishidev and Ger{\c{c}}ek, Berk and Pandey, Biraj and Peyrache, Adrien and Fiete, Ila},
  doi     = {10.1038/s41593-019-0460-x},
  file    = {:Users/kris/Library/Application Support/Mendeley Desktop/Downloaded/Ger{\c{c}}ek et al. - Unknown - The intrinsic attractor manifold and population dynamics of a canonical cognitive circuit across waking and s.pdf:pdf},
  issn    = {15461726},
  journal = {Nature Neuroscience},
  number  = {9},
  pages   = {1512--1520},
  title   = {{The intrinsic attractor manifold and population dynamics of a canonical cognitive circuit across waking and sleep}},
  url     = {https://doi.org/10.1038/s41593-019-0460-x},
  volume  = {22},
  year    = {2019}
}


@article{Yu2009,
  author    = {Yu, Byron M. and Cunningham, John P. and Santhanam, Gopal and Ryu, Stephen I. and Shenoy, Krishna V. and Sahani, Maneesh},
  doi       = {10.1152/jn.90941.2008},
  issn      = {0022-3077},
  journal   = {Journal of Neurophysiology},
  month     = {jul},
  number    = {1},
  pages     = {614--635},
  publisher = {American Physiological Society},
  title     = {{Gaussian-Process Factor Analysis for Low-Dimensional Single-Trial Analysis of Neural Population Activity}},
  url       = {http://www.physiology.org/doi/10.1152/jn.90941.2008},
  volume    = {102},
  year      = {2009}
}

@article{Pandarinath2018,
  author    = {Pandarinath, Chethan and O'Shea, Daniel J. and Collins, Jasmine and Jozefowicz, Rafal and Stavisky, Sergey D. and Kao, Jonathan C. and Trautmann, Eric M. and Kaufman, Matthew T. and Ryu, Stephen I. and Hochberg, Leigh R. and Henderson, Jaimie M. and Shenoy, Krishna V. and Abbott, L. F. and Sussillo, David},
  doi       = {10.1038/s41592-018-0109-9},
  issn      = {15487105},
  journal   = {Nature Methods},
  keywords  = {Computational neuroscience,Machine learning,Motor control},
  month     = {oct},
  number    = {10},
  pages     = {805--815},
  publisher = {Nature Publishing Group},
  title     = {{Inferring single-trial neural population dynamics using sequential auto-encoders}},
  url       = {http://www.nature.com/articles/s41592-018-0109-9},
  volume    = {15},
  year      = {2018}
}

@article{Sola2017,
  title         = {Quaternion kinematics for the error-state Kalman filter},
  author        = {Sola, Joan},
  journal       = {arXiv},
  year          = {2017},
  archiveprefix = {arXiv},
  arxivid       = {1711.02508}
}

@article{kim2019generation,
  title     = {Generation of stable heading representations in diverse visual scenes},
  author    = {Kim, Sung Soo and Hermundstad, Ann M and Romani, Sandro and Abbott, LF and Jayaraman, Vivek},
  journal   = {Nature},
  volume    = {576},
  number    = {7785},
  pages     = {126--131},
  year      = {2019},
  publisher = {Nature Publishing Group}
}

@article{kennedy2014temporal,
  title     = {A temporal basis for predicting the sensory consequences of motor commands in an electric fish},
  author    = {Kennedy, Ann and Wayne, Greg and Kaifosh, Patrick and Alvi{\~n}a, Karina and Abbott, LF and Sawtell, Nathaniel B},
  journal   = {Nature neuroscience},
  volume    = {17},
  number    = {3},
  pages     = {416--422},
  year      = {2014},
  publisher = {Nature Publishing Group}
}

@article{petersson2003spontaneous,
  title     = {Spontaneous muscle twitches during sleep guide spinal self-organization},
  author    = {Petersson, Per and Waldenstr{\"o}m, Alexandra and F{\aa}hraeus, Christer and Schouenborg, Jens},
  journal   = {Nature},
  volume    = {424},
  number    = {6944},
  pages     = {72--75},
  year      = {2003},
  publisher = {Nature Publishing Group}
}

@article{jordan1992forward,
  title     = {Forward models: Supervised learning with a distal teacher},
  author    = {Jordan, Michael I and Rumelhart, David E},
  journal   = {Cognitive science},
  volume    = {16},
  number    = {3},
  pages     = {307--354},
  year      = {1992},
  publisher = {Wiley Online Library}
}

@inproceedings{gilra2018non,
  title     = {Non-linear motor control by local learning in spiking neural networks},
  author    = {Gilra, Aditya and Gerstner, Wulfram},
  booktitle = {International Conference on Machine Learning},
  pages     = {1773--1782},
  year      = {2018}
}

@article{mante2013context,
  title     = {Context-dependent computation by recurrent dynamics in prefrontal cortex},
  author    = {Mante, Valerio and Sussillo, David and Shenoy, Krishna V and Newsome, William T},
  journal   = {nature},
  volume    = {503},
  number    = {7474},
  pages     = {78--84},
  year      = {2013},
  publisher = {Nature Publishing Group}
}

@article{mazor2005transient,
  title     = {Transient dynamics versus fixed points in odor representations by locust antennal lobe projection neurons},
  author    = {Mazor, Ofer and Laurent, Gilles},
  journal   = {Neuron},
  volume    = {48},
  number    = {4},
  pages     = {661--673},
  year      = {2005},
  publisher = {Elsevier}
}

@article{churchland2012neural,
  title     = {Neural population dynamics during reaching},
  author    = {Churchland, Mark M and Cunningham, John P and Kaufman, Matthew T and Foster, Justin D and Nuyujukian, Paul and Ryu, Stephen I and Shenoy, Krishna V},
  journal   = {Nature},
  volume    = {487},
  number    = {7405},
  pages     = {51--56},
  year      = {2012},
  publisher = {Nature Publishing Group}
}

@article{sun2020skill,
  title     = {Skill-specific changes in cortical preparatory activity during motor learning},
  author    = {Sun, Xulu and O'Shea, Daniel J and Golub, Matthew D and Trautmann, Eric M and Vyas, Saurabh and Ryu, Stephen I and Shenoy, Krishna V},
  journal   = {bioRxiv},
  year      = {2020},
  publisher = {Cold Spring Harbor Laboratory}
}

@article{peyrache2015extracellular,
  title   = {Extracellular recordings from multi-site silicon probes in the anterior thalamus and subicular formation of freely moving mice},
  author  = {Peyrache, Adrien and Buzs{\'a}ki, Gy{\"o}rgy},
  journal = {CRCNS.org},
  year    = {2015}
}

@article{fenton1998place,
  title     = {Place cell discharge is extremely variable during individual passes of the rat through the firing field},
  author    = {Fenton, Andr{\'e} A and Muller, Robert U},
  journal   = {Proceedings of the National Academy of Sciences},
  volume    = {95},
  number    = {6},
  pages     = {3182--3187},
  year      = {1998},
  publisher = {National Acad Sciences}
}

@article{jackson2007network,
  title     = {Network dynamics of hippocampal cell-assemblies resemble multiple spatial maps within single tasks},
  author    = {Jackson, Jadin and Redish, A David},
  journal   = {Hippocampus},
  volume    = {17},
  number    = {12},
  pages     = {1209--1229},
  year      = {2007},
  publisher = {Wiley Online Library}
}


@article{turner2017angular,
  title     = {Angular velocity integration in a fly heading circuit},
  author    = {Turner-Evans, Daniel and Wegener, Stephanie and Rouault, Herve and Franconville, Romain and Wolff, Tanya and Seelig, Johannes D and Druckmann, Shaul and Jayaraman, Vivek},
  journal   = {Elife},
  volume    = {6},
  pages     = {e23496},
  year      = {2017},
  publisher = {eLife Sciences Publications Limited}
}

@article{page2018landmark,
  title     = {Landmark-based updating of the head direction system by retrosplenial cortex: a computational model},
  author    = {Page, Hector JI and Jeffery, Kate J},
  journal   = {Frontiers in cellular neuroscience},
  volume    = {12},
  pages     = {191},
  year      = {2018},
  publisher = {Frontiers}
}

@article{keller2018predictive,
  title     = {Predictive processing: a canonical cortical computation},
  author    = {Keller, Georg B and Mrsic-Flogel, Thomas D},
  journal   = {Neuron},
  volume    = {100},
  number    = {2},
  pages     = {424--435},
  year      = {2018},
  publisher = {Elsevier}
}

@article{witten2008hebbian,
  title     = {A Hebbian learning rule mediates asymmetric plasticity in aligning sensory representations},
  author    = {Witten, Ilana B and Knudsen, Eric I and Sompolinsky, Haim},
  journal   = {Journal of neurophysiology},
  volume    = {100},
  number    = {2},
  pages     = {1067--1079},
  year      = {2008},
  publisher = {American Physiological Society}
}


@article{Cunningham2014,
  title   = {Dimensionality reduction for large-scale neural recordings},
  author  = {Cunningham, John P and Byron, M Yu},
  journal = {Nature Neuroscience},
  volume  = {17},
  number  = {11},
  pages   = {1500--1509},
  year    = {2014}
}

@article{roberts2000computational,
  title     = {Computational consequences of temporally asymmetric learning rules: II. Sensory image cancellation},
  author    = {Roberts, Patrick D and Bell, Curtis C},
  journal   = {Journal of computational neuroscience},
  volume    = {9},
  number    = {1},
  pages     = {67--83},
  year      = {2000},
  publisher = {Springer}
}

@article{okubo2020neural,
  title     = {A Neural Network for Wind-Guided Compass Navigation},
  author    = {Okubo, Tatsuo S and Patella, Paola and D’Alessandro, Isabel and Wilson, Rachel I},
  journal   = {Neuron},
  year      = {2020},
  publisher = {Elsevier}
}

@article{schouenborg2008action,
  title     = {Action-based sensory encoding in spinal sensorimotor circuits},
  author    = {Schouenborg, Jens},
  journal   = {Brain research reviews},
  volume    = {57},
  number    = {1},
  pages     = {111--117},
  year      = {2008},
  publisher = {Elsevier}
}

@article{oess2020computational,
  title     = {Computational investigation of visually guided learning of spatially aligned auditory maps in the colliculus},
  author    = {Oess, Timo and Ernst, Marc O and Neumann, Heiko},
  journal   = {bioRxiv},
  year      = {2020},
  publisher = {Cold Spring Harbor Laboratory}
}



@article{whittington2019tolman,
  title     = {The Tolman-Eichenbaum Machine: Unifying space and relational memory through generalisation in the hippocampal formation},
  author    = {Whittington, James CR and Muller, Timothy H and Mark, Shirley and Chen, Guifen and Barry, Caswell and Burgess, Neil and Behrens, Timothy EJ},
  journal   = {BioRxiv},
  pages     = {770495},
  year      = {2019},
  publisher = {Cold Spring Harbor Laboratory}
}

@article{muller1988path,
  title     = {Path integration in desert ants, Cataglyphis fortis},
  author    = {M{\"u}ller, Martin and Wehner, R{\"u}diger},
  journal   = {Proceedings of the National Academy of Sciences},
  volume    = {85},
  number    = {14},
  pages     = {5287--5290},
  year      = {1988},
  publisher = {National Acad Sciences}
}


@article{stein2014development,
  title     = {Development of multisensory integration from the perspective of the individual neuron},
  author    = {Stein, Barry E and Stanford, Terrence R and Rowland, Benjamin A},
  journal   = {Nature Reviews Neuroscience},
  volume    = {15},
  number    = {8},
  pages     = {520--535},
  year      = {2014},
  publisher = {Nature Publishing Group}
}

@article{lee2020sifting,
  title     = {The sifting of visual information in the superior colliculus},
  author    = {Lee, Kyu Hyun and Tran, Alvita and Turan, Zeynep and Meister, Markus},
  journal   = {ELife},
  volume    = {9},
  pages     = {e50678},
  year      = {2020},
  publisher = {eLife Sciences Publications Limited}
}

@inproceedings{whittington2018generalisation,
  title     = {Generalisation of structural knowledge in the hippocampal-entorhinal system},
  author    = {Whittington, James and Muller, Timothy and Mark, Shirely and Barry, Caswell and Behrens, Tim},
  booktitle = {Advances in neural information processing systems},
  pages     = {8484--8495},
  year      = {2018}
}


@article{knudsen1982auditory,
  title     = {Auditory and visual maps of space in the optic tectum of the owl},
  author    = {Knudsen, Eric I},
  journal   = {Journal of Neuroscience},
  volume    = {2},
  number    = {9},
  pages     = {1177--1194},
  year      = {1982},
  publisher = {Soc Neuroscience}
}

@article{meredith1986visual,
  title     = {Visual, auditory, and somatosensory convergence on cells in superior colliculus results in multisensory integration},
  author    = {Meredith, M Alex and Stein, Barry E},
  journal   = {Journal of neurophysiology},
  volume    = {56},
  number    = {3},
  pages     = {640--662},
  year      = {1986},
  publisher = {American Physiological Society Bethesda, MD}
}

@article{gu2008neural,
  title     = {Neural correlates of multisensory cue integration in macaque MSTd},
  author    = {Gu, Yong and Angelaki, Dora E and DeAngelis, Gregory C},
  journal   = {Nature neuroscience},
  volume    = {11},
  number    = {10},
  pages     = {1201--1210},
  year      = {2008},
  publisher = {Nature Publishing Group}
}

@article{fetsch2012neural,
  title     = {Neural correlates of reliability-based cue weighting during multisensory integration},
  author    = {Fetsch, Christopher R and Pouget, Alexandre and DeAngelis, Gregory C and Angelaki, Dora E},
  journal   = {Nature neuroscience},
  volume    = {15},
  number    = {1},
  pages     = {146--154},
  year      = {2012},
  publisher = {Nature Publishing Group}
}

@article{gilra2017predicting,
  title     = {Predicting non-linear dynamics by stable local learning in a recurrent spiking neural network},
  author    = {Gilra, Aditya and Gerstner, Wulfram},
  journal   = {Elife},
  volume    = {6},
  pages     = {e28295},
  year      = {2017},
  publisher = {eLife Sciences Publications Limited}
}

@article{pouget2013probabilistic,
  title     = {Probabilistic brains: knowns and unknowns},
  author    = {Pouget, Alexandre and Beck, Jeffrey M and Ma, Wei Ji and Latham, Peter E},
  journal   = {Nature neuroscience},
  volume    = {16},
  number    = {9},
  pages     = {1170--1178},
  year      = {2013},
  publisher = {Nature Publishing Group}
}

@article{lu2019bloc,
  title     = {En bloc preparation of Drosophila brains enables high-throughput FIB-SEM connectomics},
  author    = {Lu, Zhiyuan and Xu, C Shan and Hayworth, Kenneth J and Rivlin, Patricia and Plaza, Stephen M and Scheffer, Louis and Rubin, Gerald M and Hess, Harald F and Meinertzhagen, Ian A},
  journal   = {bioRxiv},
  pages     = {855130},
  year      = {2019},
  publisher = {Cold Spring Harbor Laboratory}
}

@article{januszewski2018high,
  title     = {High-precision automated reconstruction of neurons with flood-filling networks},
  author    = {Januszewski, Micha{\l} and Kornfeld, J{\"o}rgen and Li, Peter H and Pope, Art and Blakely, Tim and Lindsey, Larry and Maitin-Shepard, Jeremy and Tyka, Mike and Denk, Winfried and Jain, Viren},
  journal   = {Nature methods},
  volume    = {15},
  number    = {8},
  pages     = {605--610},
  year      = {2018},
  publisher = {Nature Publishing Group}
}

@article{muller1987effects,
  title     = {The effects of changes in the environment on the spatial firing of hippocampal complex-spike cells},
  author    = {Muller, Robert U and Kubie, John L},
  journal   = {Journal of Neuroscience},
  volume    = {7},
  number    = {7},
  pages     = {1951--1968},
  year      = {1987},
  publisher = {Soc Neuroscience}
}

@article{attinger2017visuomotor,
  title     = {Visuomotor coupling shapes the functional development of mouse visual cortex},
  author    = {Attinger, Alexander and Wang, Bo and Keller, Georg B},
  journal   = {Cell},
  volume    = {169},
  number    = {7},
  pages     = {1291--1302},
  year      = {2017},
  publisher = {Elsevier}
}

@inproceedings{dearden2005learning,
  title        = {Learning forward models for robots},
  author       = {Dearden, Anthony and Demiris, Yiannis and Kaelbling, LP and Saffotti, A},
  year         = {2005},
  organization = {IJCAI-INT JOINT CONF ARTIF INTELL}
}

@article{wolpert1998internal,
  title     = {Internal models in the cerebellum},
  author    = {Wolpert, Daniel M and Miall, R Chris and Kawato, Mitsuo},
  journal   = {Trends in cognitive sciences},
  volume    = {2},
  number    = {9},
  pages     = {338--347},
  year      = {1998},
  publisher = {Elsevier}
}

@article{rao1999predictive,
  title     = {Predictive coding in the visual cortex: a functional interpretation of some extra-classical receptive-field effects},
  author    = {Rao, Rajesh PN and Ballard, Dana H},
  journal   = {Nature neuroscience},
  volume    = {2},
  number    = {1},
  pages     = {79--87},
  year      = {1999},
  publisher = {Nature Publishing Group}
}

@article{leinweber2017sensorimotor,
  title     = {A sensorimotor circuit in mouse cortex for visual flow predictions},
  author    = {Leinweber, Marcus and Ward, Daniel R and Sobczak, Jan M and Attinger, Alexander and Keller, Georg B},
  journal   = {Neuron},
  volume    = {95},
  number    = {6},
  pages     = {1420--1432},
  year      = {2017},
  publisher = {Elsevier}
}

@article{guitchounts2020encoding,
  title     = {Encoding of 3D Head Orienting Movements in Primary Visual Cortex},
  author    = {Guitchounts, Grigori and Masis, Javier Alejandro and Wolff, Steffen BE and Cox, David},
  journal   = {bioRxiv},
  year      = {2020},
  publisher = {Cold Spring Harbor Laboratory}
}


@article{kording2004bayesian,
  title     = {Bayesian integration in sensorimotor learning},
  author    = {K{\"o}rding, Konrad P and Wolpert, Daniel M},
  journal   = {Nature},
  volume    = {427},
  number    = {6971},
  pages     = {244--247},
  year      = {2004},
  publisher = {Nature Publishing Group}
}

@article{park2020map,
  title     = {Map making: Constructing, combining, and inferring on abstract cognitive maps},
  author    = {Park, Seongmin A and Miller, Douglas S and Nili, Hamed and Ranganath, Charan and Boorman, Erie D},
  journal   = {BioRxiv},
  pages     = {810051},
  year      = {2020},
  publisher = {Cold Spring Harbor Laboratory}
}

@inproceedings{tie2019implementing,
  title     = {Implementing Inductive bias for different navigation tasks through diverse RNN attrractors},
  author    = {Tie, XU and Barak, Omri},
  booktitle = {International Conference on Learning Representations},
  year      = {2019}
}

@article{town2017egocentric,
  title     = {Egocentric and allocentric representations in auditory cortex},
  author    = {Town, Stephen M and Brimijoin, W Owen and Bizley, Jennifer K},
  journal   = {PLoS Biology},
  volume    = {15},
  number    = {6},
  pages     = {e2001878},
  year      = {2017},
  publisher = {Public Library of Science San Francisco, CA USA}
}


@article{orban2016neural,
  title     = {Neural variability and sampling-based probabilistic representations in the visual cortex},
  author    = {Orb{\'a}n, Gerg{\H{o}} and Berkes, Pietro and Fiser, J{\'o}zsef and Lengyel, M{\'a}t{\'e}},
  journal   = {Neuron},
  volume    = {92},
  number    = {2},
  pages     = {530--543},
  year      = {2016},
  publisher = {Elsevier}
}

@article{kao2020anticipatory,
  title     = {Anticipatory control of movement in a thalamo-cortical circuit model},
  author    = {Kao, Ta-Chu and Sadabadi, Mahdieh S and Hennequin, Guillaume},
  journal   = {bioRxiv},
  year      = {2020},
  publisher = {Cold Spring Harbor Laboratory}
}

@article{kim2017ring,
  title     = {Ring attractor dynamics in the Drosophila central brain},
  author    = {Kim, Sung Soo and Rouault, Herv{\'e} and Druckmann, Shaul and Jayaraman, Vivek},
  journal   = {Science},
  volume    = {356},
  number    = {6340},
  pages     = {849--853},
  year      = {2017},
  publisher = {American Association for the Advancement of Science}
}

@article{muller2019continual,
  title     = {Continual learning in a multi-layer network of an electric fish},
  author    = {Muller, Salomon Z and Zadina, Abigail N and Abbott, LF and Sawtell, Nathaniel B},
  journal   = {Cell},
  volume    = {179},
  number    = {6},
  pages     = {1382--1392},
  year      = {2019},
  publisher = {Elsevier}
}

@article{bahl2020neural,
  title     = {Neural circuits for evidence accumulation and decision making in larval zebrafish},
  author    = {Bahl, Armin and Engert, Florian},
  journal   = {Nature Neuroscience},
  volume    = {23},
  number    = {1},
  pages     = {94--102},
  year      = {2020},
  publisher = {Nature Publishing Group}
}

@article{ben1995theory,
  title     = {Theory of orientation tuning in visual cortex.},
  author    = {Ben-Yishai, Rani and Bar-Or, R Lev and Sompolinsky, Haim},
  journal   = {Proceedings of the National Academy of Sciences},
  volume    = {92},
  number    = {9},
  pages     = {3844--3848},
  year      = {1995},
  publisher = {National Acad Sciences}
}

@article{burak2009accurate,
  title     = {Accurate path integration in continuous attractor network models of grid cells},
  author    = {Burak, Yoram and Fiete, Ila R},
  journal   = {PLoS Comput Biol},
  volume    = {5},
  number    = {2},
  pages     = {e1000291},
  year      = {2009},
  publisher = {Public Library of Science}
}

@article{zhang1996representation,
  title     = {Representation of spatial orientation by the intrinsic dynamics of the head-direction cell ensemble: a theory},
  author    = {Zhang, Kechen},
  journal   = {Journal of Neuroscience},
  volume    = {16},
  number    = {6},
  pages     = {2112--2126},
  year      = {1996},
  publisher = {Soc Neuroscience}
}

@article{vyas2020computation,
  title     = {Computation Through Neural Population Dynamics},
  author    = {Vyas, Saurabh and Golub, Matthew D and Sussillo, David and Shenoy, Krishna V},
  journal   = {Annual Review of Neuroscience},
  volume    = {43},
  pages     = {249--275},
  year      = {2020},
  publisher = {Annual Reviews}
}

@article{kaufman2014cortical,
  title     = {Cortical activity in the null space: permitting preparation without movement},
  author    = {Kaufman, Matthew T and Churchland, Mark M and Ryu, Stephen I and Shenoy, Krishna V},
  journal   = {Nature neuroscience},
  volume    = {17},
  number    = {3},
  pages     = {440--448},
  year      = {2014},
  publisher = {Nature Publishing Group}
}

@article{gouwens2009signal,
  title     = {Signal propagation in Drosophila central neurons},
  author    = {Gouwens, Nathan W and Wilson, Rachel I},
  journal   = {Journal of Neuroscience},
  volume    = {29},
  number    = {19},
  pages     = {6239--6249},
  year      = {2009},
  publisher = {Soc Neuroscience}
}

@article{mcnaughton2006path,
  title     = {Path integration and the neural basis of the'cognitive map'},
  author    = {McNaughton, Bruce L and Battaglia, Francesco P and Jensen, Ole and Moser, Edvard I and Moser, May-Britt},
  journal   = {Nature Reviews Neuroscience},
  volume    = {7},
  number    = {8},
  pages     = {663--678},
  year      = {2006},
  publisher = {Nature Publishing Group}
}

@article{knierim2012attractor,
  title     = {Attractor dynamics of spatially correlated neural activity in the limbic system},
  author    = {Knierim, James J and Zhang, Kechen},
  journal   = {Annual review of neuroscience},
  volume    = {35},
  pages     = {267--285},
  year      = {2012},
  publisher = {Annual Reviews}
}

@article{xie2002double,
  title     = {Double-ring network model of the head-direction system},
  author    = {Xie, Xiaohui and Hahnloser, Richard HR and Seung, H Sebastian},
  journal   = {Physical Review E},
  volume    = {66},
  number    = {4},
  pages     = {041902},
  year      = {2002},
  publisher = {APS}
}

@article{fung2010moving,
  title     = {A moving bump in a continuous manifold: a comprehensive study of the tracking dynamics of continuous attractor neural networks},
  author    = {Fung, CC Alan and Wong, KY Michael and Wu, Si},
  journal   = {Neural Computation},
  volume    = {22},
  number    = {3},
  pages     = {752--792},
  year      = {2010},
  publisher = {MIT Press}
}

@article{cullen2017our,
  title     = {Our sense of direction: progress, controversies and challenges},
  author    = {Cullen, Kathleen E and Taube, Jeffrey S},
  journal   = {Nature Neuroscience},
  volume    = {20},
  number    = {11},
  pages     = {1465},
  year      = {2017},
  publisher = {Nature Publishing Group}
}

@inproceedings{skaggs1995model,
  title     = {A model of the neural basis of the rat's sense of direction},
  author    = {Skaggs, William E and Knierim, James J and Kudrimoti, Hemant S and McNaughton, Bruce L},
  booktitle = {Advances in neural information processing systems},
  pages     = {173--180},
  year      = {1995}
}

@article{brainard2000interruption,
  title     = {Interruption of a basal ganglia--forebrain circuit prevents plasticity of learned vocalizations},
  author    = {Brainard, Michael S and Doupe, Allison J},
  journal   = {Nature},
  volume    = {404},
  number    = {6779},
  pages     = {762--766},
  year      = {2000},
  publisher = {Nature Publishing Group}
}

@article{brainard2000auditory,
  title     = {Auditory feedback in learning and maintenance of vocal behaviour},
  author    = {Brainard, Michael S and Doupe, Allison J},
  journal   = {Nature Reviews Neuroscience},
  volume    = {1},
  number    = {1},
  pages     = {31--40},
  year      = {2000},
  publisher = {Nature Publishing Group}
}

@article{katlowitz2018stable,
  title     = {Stable sequential activity underlying the maintenance of a precisely executed skilled behavior},
  author    = {Katlowitz, Kalman A and Picardo, Michel A and Long, Michael A},
  journal   = {Neuron},
  volume    = {98},
  number    = {6},
  pages     = {1133--1140},
  year      = {2018},
  publisher = {Elsevier}
}


@article{taube1990head1,
  title     = {Head-direction cells recorded from the postsubiculum in freely moving rats. I. Description and quantitative analysis},
  author    = {Taube, Jeffrey S and Muller, Robert U and Ranck, James B},
  journal   = {Journal of Neuroscience},
  volume    = {10},
  number    = {2},
  pages     = {420--435},
  year      = {1990},
  publisher = {Soc Neuroscience}
}

@article{taube1990head2,
  title     = {Head-direction cells recorded from the postsubiculum in freely moving rats. II. Effects of environmental manipulations},
  author    = {Taube, Jeffrey S and Muller, Robert U and Ranck, James B},
  journal   = {Journal of Neuroscience},
  volume    = {10},
  number    = {2},
  pages     = {436--447},
  year      = {1990},
  publisher = {Soc Neuroscience}
}

@article{o1971hippocampus,
  title     = {The hippocampus as a spatial map: Preliminary evidence from unit activity in the freely-moving rat.},
  author    = {O'Keefe, John and Dostrovsky, Jonathan},
  journal   = {Brain research},
  year      = {1971},
  publisher = {Elsevier Science}
}

@article{wang2016learning,
  title   = {Learning to reinforcement learn},
  author  = {Wang, Jane X and Kurth-Nelson, Zeb and Tirumala, Dhruva and Soyer, Hubert and Leibo, Joel Z and Munos, Remi and Blundell, Charles and Kumaran, Dharshan and Botvinick, Matt},
  journal = {arXiv preprint arXiv:1611.05763},
  year    = {2016}
}

@article{wang2018prefrontal,
  title     = {Prefrontal cortex as a meta-reinforcement learning system},
  author    = {Wang, Jane X and Kurth-Nelson, Zeb and Kumaran, Dharshan and Tirumala, Dhruva and Soyer, Hubert and Leibo, Joel Z and Hassabis, Demis and Botvinick, Matthew},
  journal   = {Nature neuroscience},
  volume    = {21},
  number    = {6},
  pages     = {860--868},
  year      = {2018},
  publisher = {Nature Publishing Group}
}

@article{momennejad2017successor,
  title     = {The successor representation in human reinforcement learning},
  author    = {Momennejad, Ida and Russek, Evan M and Cheong, Jin H and Botvinick, Matthew M and Daw, Nathaniel Douglass and Gershman, Samuel J},
  journal   = {Nature Human Behaviour},
  volume    = {1},
  number    = {9},
  pages     = {680--692},
  year      = {2017},
  publisher = {Nature Publishing Group}
}

@article{dayan1993improving,
  title     = {Improving generalization for temporal difference learning: The successor representation},
  author    = {Dayan, Peter},
  journal   = {Neural Computation},
  volume    = {5},
  number    = {4},
  pages     = {613--624},
  year      = {1993},
  publisher = {MIT Press}
}

@article{stachenfeld2017hippocampus,
  title     = {The hippocampus as a predictive map},
  author    = {Stachenfeld, Kimberly L and Botvinick, Matthew M and Gershman, Samuel J},
  journal   = {Nature neuroscience},
  volume    = {20},
  number    = {11},
  pages     = {1643},
  year      = {2017},
  publisher = {Nature Publishing Group}
}

@inproceedings{barreto2017successor,
  title     = {Successor features for transfer in reinforcement learning},
  author    = {Barreto, Andr{\'e} and Dabney, Will and Munos, R{\'e}mi and Hunt, Jonathan J and Schaul, Tom and van Hasselt, Hado P and Silver, David},
  booktitle = {Advances in neural information processing systems},
  pages     = {4055--4065},
  year      = {2017}
}

@inproceedings{vertes2019neurally,
  title     = {A neurally plausible model learns successor representations in partially observable environments},
  author    = {V{\'e}rtes, Eszter and Sahani, Maneesh},
  booktitle = {Advances in Neural Information Processing Systems},
  pages     = {13714--13724},
  year      = {2019}
}

@book{sutton1998introduction,
  title     = {Introduction to reinforcement learning},
  author    = {Sutton, Richard S and Barto, Andrew G and others},
  volume    = {135},
  year      = {1998},
  publisher = {MIT press Cambridge}
}

@article{kao2019neuroscience,
  title     = {Neuroscience out of control: control-theoretic perspectives on neural circuit dynamics},
  author    = {Kao, Ta-Chu and Hennequin, Guillaume},
  journal   = {Current Opinion in Neurobiology},
  volume    = {58},
  pages     = {122--129},
  year      = {2019},
  publisher = {Elsevier}
}

@article{roweis1999unifying,
  title     = {A unifying review of linear Gaussian models},
  author    = {Roweis, Sam and Ghahramani, Zoubin},
  journal   = {Neural computation},
  volume    = {11},
  number    = {2},
  pages     = {305--345},
  year      = {1999},
  publisher = {MIT Press}
}

@article{yu2008gaussian,
  title   = {Gaussian-process factor analysis for low-dimensional single-trial analysis of neural population activity},
  author  = {Yu, Byron M and Cunningham, John P and Santhanam, Gopal and Ryu, Stephen and Shenoy, Krishna V and Sahani, Maneesh},
  journal = {Advances in neural information processing systems},
  volume  = {21},
  pages   = {1881--1888},
  year    = {2008}
}

@article{rutten2020non,
  title   = {Non-reversible Gaussian processes for identifying latent dynamical structure in neural data},
  author  = {Rutten, Virginia and Bernacchia, Alberto and Sahani, Maneesh and Hennequin, Guillaume},
  journal = {Advances in Neural Information Processing Systems},
  volume  = {33},
  year    = {2020}
}

@article{lawrence2005probabilistic,
  title   = {Probabilistic non-linear principal component analysis with Gaussian process latent variable models},
  author  = {Lawrence, Neil},
  journal = {Journal of machine learning research},
  volume  = {6},
  number  = {Nov},
  pages   = {1783--1816},
  year    = {2005}
}

@inproceedings{lawrence2004gaussian,
  title     = {Gaussian process latent variable models for visualisation of high dimensional data},
  author    = {Lawrence, Neil D},
  booktitle = {Advances in neural information processing systems},
  pages     = {329--336},
  year      = {2004}
}

@article{steinmetz2020neuropixels,
  title     = {Neuropixels 2.0: A miniaturized high-density probe for stable, long-term brain recordings},
  author    = {Steinmetz, Nicholas A and Aydin, Cagatay and Lebedeva, Anna and Okun, Michael and Pachitariu, Marius and Bauza, Marius and Beau, Maxime and Bhagat, Jai and B{\"o}hm, Claudia and Broux, Martijn and others},
  journal   = {bioRxiv},
  year      = {2020},
  publisher = {Cold Spring Harbor Laboratory}
}

@article{jun2017fully,
  title     = {Fully integrated silicon probes for high-density recording of neural activity},
  author    = {Jun, James J and Steinmetz, Nicholas A and Siegle, Joshua H and Denman, Daniel J and Bauza, Marius and Barbarits, Brian and Lee, Albert K and Anastassiou, Costas A and Andrei, Alexandru and Ayd{\i}n, {\c{C}}a{\u{g}}atay and others},
  journal   = {Nature},
  volume    = {551},
  number    = {7679},
  pages     = {232--236},
  year      = {2017},
  publisher = {Nature Publishing Group}
}

@article{pachitariu2016kilosort,
  title     = {Kilosort: realtime spike-sorting for extracellular electrophysiology with hundreds of channels},
  author    = {Pachitariu, Marius and Steinmetz, Nicholas and Kadir, Shabnam and Carandini, Matteo and others},
  journal   = {BioRxiv},
  pages     = {061481},
  year      = {2016},
  publisher = {Cold Spring Harbor Laboratory}
}

@article{pachitariu2017suite2p,
  title     = {Suite2p: beyond 10,000 neurons with standard two-photon microscopy},
  author    = {Pachitariu, Marius and Stringer, Carsen and Dipoppa, Mario and Schr{\"o}der, Sylvia and Rossi, L Federico and Dalgleish, Henry and Carandini, Matteo and Harris, Kenneth D},
  journal   = {Biorxiv},
  year      = {2017},
  publisher = {BioRxiv}
}

@article{tian2009imaging,
  title     = {Imaging neural activity in worms, flies and mice with improved GCaMP calcium indicators},
  author    = {Tian, Lin and Hires, S Andrew and Mao, Tianyi and Huber, Daniel and Chiappe, M Eugenia and Chalasani, Sreekanth H and Petreanu, Leopoldo and Akerboom, Jasper and McKinney, Sean A and Schreiter, Eric R and others},
  journal   = {Nature methods},
  volume    = {6},
  number    = {12},
  pages     = {875--881},
  year      = {2009},
  publisher = {Nature Publishing Group}
}

@article{yang2018improved,
  title     = {Improved calcium sensor GCaMP-X overcomes the calcium channel perturbations induced by the calmodulin in GCaMP},
  author    = {Yang, Yaxiong and Liu, Nan and He, Yuanyuan and Liu, Yuxia and Ge, Lin and Zou, Linzhi and Song, Sen and Xiong, Wei and Liu, Xiaodong},
  journal   = {Nature communications},
  volume    = {9},
  number    = {1},
  pages     = {1--18},
  year      = {2018},
  publisher = {Nature Publishing Group}
}

@article{chen2013ultrasensitive,
  title     = {Ultrasensitive fluorescent proteins for imaging neuronal activity},
  author    = {Chen, Tsai-Wen and Wardill, Trevor J and Sun, Yi and Pulver, Stefan R and Renninger, Sabine L and Baohan, Amy and Schreiter, Eric R and Kerr, Rex A and Orger, Michael B and Jayaraman, Vivek and others},
  journal   = {Nature},
  volume    = {499},
  number    = {7458},
  pages     = {295--300},
  year      = {2013},
  publisher = {Nature Publishing Group}
}

@article{dana2019high,
  title   = {High-performance calcium sensors for imaging activity in neuronal populations and microcompartments.},
  author  = {Dana, Hod and Sun, Yi and Mohar, Boaz and Hulse, Brad K and Kerlin, Aaron M and Hasseman, Jeremy P and Tsegaye, Getahun and Tsang, Arthur and Wong, Allan and Patel, Ronak and others},
  journal = {Nature Methods},
  volume  = {16},
  number  = {7},
  pages   = {649--657},
  year    = {2019}
}


@article{lee2020anatomically,
  title     = {Anatomically segregated basal ganglia pathways allow parallel behavioral modulation},
  author    = {Lee, Jaeeon and Wang, Wengang and Sabatini, Bernardo L},
  journal   = {Nature Neuroscience},
  pages     = {1--11},
  year      = {2020},
  publisher = {Nature Publishing Group}
}


@article{guo2017maintenance,
  title     = {Maintenance of persistent activity in a frontal thalamocortical loop},
  author    = {Guo, Zengcai V and Inagaki, Hidehiko K and Daie, Kayvon and Druckmann, Shaul and Gerfen, Charles R and Svoboda, Karel},
  journal   = {Nature},
  volume    = {545},
  number    = {7653},
  pages     = {181--186},
  year      = {2017},
  publisher = {Nature Publishing Group}
}


@article{tipping1999probabilistic,
  title     = {Probabilistic principal component analysis},
  author    = {Tipping, Michael E and Bishop, Christopher M},
  journal   = {Journal of the Royal Statistical Society: Series B (Statistical Methodology)},
  volume    = {61},
  number    = {3},
  pages     = {611--622},
  year      = {1999},
  publisher = {Wiley Online Library}
}

@inproceedings{mallasto2019probabilistic,
  title        = {Probabilistic Riemannian submanifold learning with wrapped Gaussian process latent variable models},
  author       = {Mallasto, Anton and Hauberg, S{\o}ren and Feragen, Aasa},
  booktitle    = {The 22nd International Conference on Artificial Intelligence and Statistics},
  pages        = {2368--2377},
  year         = {2019},
  organization = {PMLR}
}

@inproceedings{tipping2001sparse,
  title     = {Sparse kernel principal component analysis},
  author    = {Tipping, Michael E},
  booktitle = {Advances in neural information processing systems},
  pages     = {633--639},
  year      = {2001}
}

@article{murphy2009balanced,
  title     = {Balanced amplification: a new mechanism of selective amplification of neural activity patterns},
  author    = {Murphy, Brendan K and Miller, Kenneth D},
  journal   = {Neuron},
  volume    = {61},
  number    = {4},
  pages     = {635--648},
  year      = {2009},
  publisher = {Elsevier}
}

@article{geerts2020general,
  title     = {A general model of hippocampal and dorsal striatal learning and decision making},
  author    = {Geerts, Jesse P and Chersi, Fabian and Stachenfeld, Kimberly L and Burgess, Neil},
  journal   = {Proceedings of the National Academy of Sciences},
  year      = {2020},
  publisher = {National Acad Sciences}
}

@article{levine2018reinforcement,
  title   = {Reinforcement learning and control as probabilistic inference: Tutorial and review},
  author  = {Levine, Sergey},
  journal = {arXiv preprint arXiv:1805.00909},
  year    = {2018}
}

@article{kingma2013auto,
  title   = {Auto-encoding variational bayes},
  author  = {Kingma, Diederik P and Welling, Max},
  journal = {arXiv preprint arXiv:1312.6114},
  year    = {2013}
}

@book{mackay2003information,
  title     = {Information theory, inference and learning algorithms},
  author    = {MacKay, David JC and Mac Kay, David JC and others},
  year      = {2003},
  publisher = {Cambridge university press}
}

@article{jensen2020manifold,
  title   = {Manifold GPLVMs for discovering non-Euclidean latent structure in neural data},
  author  = {Jensen, Kristopher and Kao, Ta-Chu and Tripodi, Marco and Hennequin, Guillaume},
  journal = {Advances in Neural Information Processing Systems},
  volume  = {33},
  year    = {2020}
}

@article{de2016incremental,
  title   = {Incremental sequence learning},
  author  = {de Jong, Edwin D},
  journal = {arXiv preprint arXiv:1611.03068},
  year    = {2016}
}

@article{holtmaat2009experience,
  title     = {Experience-dependent structural synaptic plasticity in the mammalian brain},
  author    = {Holtmaat, Anthony and Svoboda, Karel},
  journal   = {Nature Reviews Neuroscience},
  volume    = {10},
  number    = {9},
  pages     = {647--658},
  year      = {2009},
  publisher = {Nature Publishing Group}
}

@article{rokni2007motor,
  title     = {Motor learning with unstable neural representations},
  author    = {Rokni, Uri and Richardson, Andrew G and Bizzi, Emilio and Seung, H Sebastian},
  journal   = {Neuron},
  volume    = {54},
  number    = {4},
  pages     = {653--666},
  year      = {2007},
  publisher = {Elsevier}
}

@article{schoonover2020representational,
  title     = {Representational drift in primary olfactory cortex},
  author    = {Schoonover, Carl E and Ohashi, Sarah N and Axel, Richard and Fink, Andrew JP},
  journal   = {bioRxiv},
  year      = {2020},
  publisher = {Cold Spring Harbor Laboratory}
}

@article{carmena2005stable,
  title     = {Stable ensemble performance with single-neuron variability during reaching movements in primates},
  author    = {Carmena, Jose M and Lebedev, Mikhail A and Henriquez, Craig S and Nicolelis, Miguel AL},
  journal   = {Journal of Neuroscience},
  volume    = {25},
  number    = {46},
  pages     = {10712--10716},
  year      = {2005},
  publisher = {Soc Neuroscience}
}

@article{gallego2020long,
  title     = {Long-term stability of cortical population dynamics underlying consistent behavior},
  author    = {Gallego, Juan A and Perich, Matthew G and Chowdhury, Raeed H and Solla, Sara A and Miller, Lee E},
  journal   = {Nature neuroscience},
  volume    = {23},
  number    = {2},
  pages     = {260--270},
  year      = {2020},
  publisher = {Nature Publishing Group}
}

@article{rule2020stable,
  title     = {Stable task information from an unstable neural population},
  author    = {Rule, Michael E and Loback, Adrianna R and Raman, Dhruva V and Driscoll, Laura N and Harvey, Christopher D and O'Leary, Timothy},
  journal   = {Elife},
  volume    = {9},
  pages     = {e51121},
  year      = {2020},
  publisher = {eLife Sciences Publications Limited}
}

@article{ganguly2009emergence,
  title     = {Emergence of a stable cortical map for neuroprosthetic control},
  author    = {Ganguly, Karunesh and Carmena, Jose M},
  journal   = {PLoS Biol},
  volume    = {7},
  number    = {7},
  pages     = {e1000153},
  year      = {2009},
  publisher = {Public Library of Science}
}

@article{chestek2007single,
  title     = {Single-neuron stability during repeated reaching in macaque premotor cortex},
  author    = {Chestek, Cynthia A and Batista, Aaron P and Santhanam, Gopal and Byron, M Yu and Afshar, Afsheen and Cunningham, John P and Gilja, Vikash and Ryu, Stephen I and Churchland, Mark M and Shenoy, Krishna V},
  journal   = {Journal of Neuroscience},
  volume    = {27},
  number    = {40},
  pages     = {10742--10750},
  year      = {2007},
  publisher = {Soc Neuroscience}
}

@article{flint2016long,
  title     = {Long-term stability of motor cortical activity: implications for brain machine interfaces and optimal feedback control},
  author    = {Flint, Robert D and Scheid, Michael R and Wright, Zachary A and Solla, Sara A and Slutzky, Marc W},
  journal   = {Journal of neuroscience},
  volume    = {36},
  number    = {12},
  pages     = {3623--3632},
  year      = {2016},
  publisher = {Soc Neuroscience}
}

@article{sizemore2011premotor,
  title     = {Premotor synaptic plasticity limited to the critical period for song learning},
  author    = {Sizemore, Max and Perkel, David J},
  journal   = {Proceedings of the National Academy of Sciences},
  volume    = {108},
  number    = {42},
  pages     = {17492--17497},
  year      = {2011},
  publisher = {National Acad Sciences}
}

@article{van2018generative,
  title   = {Generative replay with feedback connections as a general strategy for continual learning},
  author  = {Van de Ven, Gido M and Tolias, Andreas S},
  journal = {arXiv preprint arXiv:1809.10635},
  year    = {2018}
}

@article{pan2020continual,
  title   = {Continual deep learning by functional regularisation of memorable past},
  author  = {Pan, Pingbo and Swaroop, Siddharth and Immer, Alexander and Eschenhagen, Runa and Turner, Richard E and Khan, Mohammad Emtiyaz},
  journal = {arXiv preprint arXiv:2004.14070},
  year    = {2020}
}


@article{li2017learning,
  title     = {Learning without forgetting},
  author    = {Li, Zhizhong and Hoiem, Derek},
  journal   = {IEEE transactions on pattern analysis and machine intelligence},
  volume    = {40},
  number    = {12},
  pages     = {2935--2947},
  year      = {2017},
  publisher = {IEEE}
}

@article{shin2017continual,
  title   = {Continual learning with deep generative replay},
  author  = {Shin, Hanul and Lee, Jung Kwon and Kim, Jaehong and Kim, Jiwon},
  journal = {arXiv preprint arXiv:1705.08690},
  year    = {2017}
}

@article{kirkpatrick2017overcoming,
  title     = {Overcoming catastrophic forgetting in neural networks},
  author    = {Kirkpatrick, James and Pascanu, Razvan and Rabinowitz, Neil and Veness, Joel and Desjardins, Guillaume and Rusu, Andrei A and Milan, Kieran and Quan, John and Ramalho, Tiago and Grabska-Barwinska, Agnieszka and others},
  journal   = {Proceedings of the national academy of sciences},
  volume    = {114},
  number    = {13},
  pages     = {3521--3526},
  year      = {2017},
  publisher = {National Acad Sciences}
}

@article{ritter2018online,
  title   = {Online structured laplace approximations for overcoming catastrophic forgetting},
  author  = {Ritter, Hippolyt and Botev, Aleksandar and Barber, David},
  journal = {arXiv preprint arXiv:1805.07810},
  year    = {2018}
}

@article{nguyen2017variational,
  title   = {Variational continual learning},
  author  = {Nguyen, Cuong V and Li, Yingzhen and Bui, Thang D and Turner, Richard E},
  journal = {arXiv preprint arXiv:1710.10628},
  year    = {2017}
}

@article{duncker2020organizing,
  title   = {Organizing recurrent network dynamics by task-computation to enable continual learning},
  author  = {Duncker, Lea and Driscoll, Laura and Shenoy, Krishna V and Sahani, Maneesh and Sussillo, David},
  journal = {Advances in Neural Information Processing Systems},
  volume  = {33},
  year    = {2020}
}

@article{zeng2019continual,
  title     = {Continual learning of context-dependent processing in neural networks},
  author    = {Zeng, Guanxiong and Chen, Yang and Cui, Bo and Yu, Shan},
  journal   = {Nature Machine Intelligence},
  volume    = {1},
  number    = {8},
  pages     = {364--372},
  year      = {2019},
  publisher = {Nature Publishing Group}
}

@article{ehret2020continual,
  title   = {Continual Learning in Recurrent Neural Networks with Hypernetworks},
  author  = {Ehret, Benjamin and Henning, Christian and Cervera, Maria R and Meulemans, Alexander and von Oswald, Johannes and Grewe, Benjamin F},
  journal = {arXiv preprint arXiv:2006.12109},
  year    = {2020}
}

@article{kao2021natural,
  title   = {Natural continual learning: success is a journey, not (just) a destination},
  author  = {Kao, Ta-Chu and Jensen, Kristopher T. and Bernacchia, Alberto and Hennequin, Guillaume},
  journal = {arXiv preprint arXiv:2106.08085},
  year    = {2021}
}

@article{fu2012repetitive,
  title     = {Repetitive motor learning induces coordinated formation of clustered dendritic spines in vivo},
  author    = {Fu, Min and Yu, Xinzhu and Lu, Ju and Zuo, Yi},
  journal   = {Nature},
  volume    = {483},
  number    = {7387},
  pages     = {92--95},
  year      = {2012},
  publisher = {Nature Publishing Group}
}

@article{van2020brain,
  title     = {Brain-inspired replay for continual learning with artificial neural networks},
  author    = {van de Ven, Gido M and Siegelmann, Hava T and Tolias, Andreas S},
  journal   = {Nature communications},
  volume    = {11},
  number    = {1},
  pages     = {1--14},
  year      = {2020},
  publisher = {Nature Publishing Group}
}

@article{huszar2017quadratic,
  title   = {On quadratic penalties in elastic weight consolidation},
  author  = {Husz{\'a}r, Ferenc},
  journal = {arXiv preprint arXiv:1712.03847},
  year    = {2017}
}

@article{peters2014emergence,
  title     = {Emergence of reproducible spatiotemporal activity during motor learning},
  author    = {Peters, Andrew J and Chen, Simon X and Komiyama, Takaki},
  journal   = {Nature},
  volume    = {510},
  number    = {7504},
  pages     = {263--267},
  year      = {2014},
  publisher = {Nature Publishing Group}
}

@article{ziv2013long,
  title     = {Long-term dynamics of CA1 hippocampal place codes},
  author    = {Ziv, Yaniv and Burns, Laurie D and Cocker, Eric D and Hamel, Elizabeth O and Ghosh, Kunal K and Kitch, Lacey J and El Gamal, Abbas and Schnitzer, Mark J},
  journal   = {Nature neuroscience},
  volume    = {16},
  number    = {3},
  pages     = {264},
  year      = {2013},
  publisher = {Nature Publishing Group}
}

@article{wilson1994reactivation,
  title     = {Reactivation of hippocampal ensemble memories during sleep},
  author    = {Wilson, Matthew A and McNaughton, Bruce L},
  journal   = {Science},
  volume    = {265},
  number    = {5172},
  pages     = {676--679},
  year      = {1994},
  publisher = {American Association for the Advancement of Science}
}

@article{van2016hippocampal,
  title     = {Hippocampal offline reactivation consolidates recently formed cell assembly patterns during sharp wave-ripples},
  author    = {van de Ven, Gido M and Trouche, St{\'e}phanie and McNamara, Colin G and Allen, Kevin and Dupret, David},
  journal   = {Neuron},
  volume    = {92},
  number    = {5},
  pages     = {968--974},
  year      = {2016},
  publisher = {Elsevier}
}

@article{carr2011hippocampal,
  title     = {Hippocampal replay in the awake state: a potential substrate for memory consolidation and retrieval},
  author    = {Carr, Margaret F and Jadhav, Shantanu P and Frank, Loren M},
  journal   = {Nature neuroscience},
  volume    = {14},
  number    = {2},
  pages     = {147},
  year      = {2011},
  publisher = {Nature Publishing Group}
}

@article{qin1997memory,
  title     = {Memory reprocessing in corticocortical and hippocampocortical neuronal ensembles},
  author    = {Qin, Yu-Lin and McNaughton, Bruce L and Skaggs, William E and Barnes, Carol A},
  journal   = {Philosophical Transactions of the Royal Society of London. Series B: Biological Sciences},
  volume    = {352},
  number    = {1360},
  pages     = {1525--1533},
  year      = {1997},
  publisher = {The Royal Society}
}

